@misc{owasp,
    title = {OWASP Top Ten Project},
    author = {{OWASP}},
    howpublished = {\url{https://owasp.org/www-project-top-ten/}},
    note = {[Accessed: May 16, 2023]}
}